<?xml version="1.0" encoding="UTF-8"?><collection xmlns="http://www.loc.gov/MARC21/slim"><record><leader>00383nam--2200145-i-4500</leader><controlfield tag="001">000031037</controlfield><controlfield tag="002">20161230</controlfield><controlfield tag="005">20161230201038</controlfield><controlfield tag="008">060222s1000------------r-----000-0-eng-d</controlfield><datafield ind1=" " ind2=" " tag="080"><subfield code="a">519.862.6:658.2</subfield></datafield><datafield ind1=" " ind2=" " tag="100"><subfield code="a">Lobstein, Jacques</subfield></datafield><datafield ind1=" " ind2=" " tag="245"><subfield code="a">L`entreprise industrielle et ses systemes</subfield></datafield><datafield ind1=" " ind2=" " tag="260"><subfield code="a">Paris, Sirey, 1969. 294p</subfield></datafield><datafield ind1=" " ind2=" " tag="490"><subfield code="a">Administration Des Entreprises</subfield></datafield><datafield ind1=" " ind2=" " tag="852"><subfield code="a">45575</subfield></datafield></record></collection>